@online{coloradochristianuniversityStrategicPriorities,
  title = {Strategic {{Priorities}}},
  author = {{Colorado Christian University}},
  url = {https://www.ccu.edu/about/strategic-priorities/index},
  urldate = {2025-06-03},
  abstract = {Read about Colorado Christian University's Strategic Priorities here.},
  langid = {english},
  organization = {Colorado Christian University},
  file = {C:\Users\LanieMolinarCarmelo\Zotero\storage\AND9G3ZM\strategic-priorities.html}
}

@misc{FaustSilvaSession2,
  title = {Session 2 Biblical Perspective},
  author = {Faust-Silva, C.},
  url = {https://mycourses.ccu.edu},
  urldate = {2025-05-09}
}

@book{Smith2024,
  title = {Courage and Calling: {{Embracing}} Your God-given Potential},
  author = {Smith, G. T.},
  date = {2024},
  edition = {3rd},
  publisher = {InterVarsity Press}
}

@book{Tyndale1996,
  title = {Holy Bible, New Living Translation},
  author = {{Tyndale House}},
  date = {1996},
  publisher = {Tyndale House Publishers}
}
